<?xml version="1.0" encoding="utf-8"?>
<record xmlns="http://www.loc.gov/MARC21/slim" xmlns:xsi="http://www.w3.org/2001/XMLSchema-instance" xsi:schemaLocation="http://www.loc.gov/MARC21/slim http://www.loc.gov/standards/marcxml/schema/MARC21slim.xsd">
	<leader>     nam a22     Mi 4500</leader>
	<controlfield tag="001">b12662124</controlfield>
	<controlfield tag="003">UaCaAUL</controlfield>
	<controlfield tag="006">m        d        </controlfield>
	<controlfield tag="007">cr cn |||m|||a</controlfield>
	<controlfield tag="008">200513s1946    sy      ob    001 0 ara d</controlfield>
	<datafield ind1=" " ind2=" " tag="040">
		<subfield code="a">ZYU</subfield>
		<subfield code="b">ara</subfield>
		<subfield code="e">rda</subfield>
		<subfield code="c">ZYU</subfield>
	</datafield>
	<datafield ind1=" " ind2="4" tag="050">
		<subfield code="a">PJ7755.I297</subfield>
		<subfield code="b">A17 1946</subfield>
	</datafield>
	<datafield ind1=" " ind2=" " tag="084">
		<subfield code="a">PK4606/9</subfield>
	</datafield>
	<datafield ind1="1" ind2=" " tag="100">
		<subfield code="6">880-01</subfield>
		<subfield code="a">Ibn ʻUnayn, Muḥammad ibn Naṣr Allāh,</subfield>
		<subfield code="d">1154-1233.</subfield>
	</datafield>
	<datafield ind1="1" ind2="0" tag="240">
		<subfield code="6">880-02</subfield>
		<subfield code="a">Poems</subfield>
	</datafield>
	<datafield ind1="1" ind2="0" tag="245">
		<subfield code="6">880-03</subfield>
		<subfield code="a">Dīwan Ibn ʻUnayn Sharaf al-Dīn Abī al-Maḥāsin Muhammad ibn Naṣr al-mashhūr bi-Ibn ʻUnayn al-Anṣārī al-Dimashqī /</subfield>
		<subfield code="c">ʻuniya bi-nashrihi wa-taḥqīqihi Khalīl Mardam Bik.</subfield>
	</datafield>
	<datafield ind1=" " ind2="1" tag="264">
		<subfield code="6">880-04</subfield>
		<subfield code="a">Dimashq :</subfield>
		<subfield code="b">al-Majmaʻ al-ʻIlmī al-ʻArabī bi-Dimashq,</subfield>
		<subfield code="c">1365, 1946.</subfield>
	</datafield>
	<datafield ind1=" " ind2="3" tag="264">
		<subfield code="6">880-05</subfield>
		<subfield code="a">Dimashq :</subfield>
		<subfield code="b">Maṭbaʻat Dimashq,</subfield>
		<subfield code="c">1365, 1946.</subfield>
	</datafield>
	<datafield ind1=" " ind2=" " tag="300">
		<subfield code="a">online resource (47, 269 pages)</subfield>
	</datafield>
	<datafield ind1=" " ind2=" " tag="336">
		<subfield code="a">text</subfield>
		<subfield code="2">rdacontent</subfield>
	</datafield>
	<datafield ind1=" " ind2=" " tag="337">
		<subfield code="a">computer</subfield>
		<subfield code="2">rdamedia</subfield>
	</datafield>
	<datafield ind1=" " ind2=" " tag="338">
		<subfield code="a">online resource</subfield>
		<subfield code="2">rdacarrier</subfield>
	</datafield>
	<datafield ind1="1" ind2=" " tag="490">
		<subfield code="6">880-06</subfield>
		<subfield code="a">Mṭbūʻāt al-Majmaʻ al-ʻIlmī al-ʻArabī bi-Dimashq</subfield>
	</datafield>
	<datafield ind1=" " ind2=" " tag="500">
		<subfield code="a">Poems.</subfield>
	</datafield>
	<datafield ind1=" " ind2=" " tag="500">
		<subfield code="a">Includes errata page.</subfield>
	</datafield>
	<datafield ind1=" " ind2=" " tag="500">
		<subfield code="6">880-07</subfield>
		<subfield code="a">Ḥuqūq al-ṭabʻ maḥfūẓah lil-Majmaʻ al-ʻIlmī al-ʻArabī.</subfield>
	</datafield>
	<datafield ind1=" " ind2=" " tag="500">
		<subfield code="a">Part of the Arabic Collections Online (ACO) project, contributed by American University in Cairo Library.</subfield>
	</datafield>
	<datafield ind1=" " ind2=" " tag="504">
		<subfield code="a">Includes bibliographical references and indexes.</subfield>
	</datafield>
	<datafield ind1=" " ind2=" " tag="520">
		<subfield code="a">The dīwān, with a few additional verses collected from other works, edited with a preface and notes by Khalīl Mardam Beg.</subfield>
	</datafield>
	<datafield ind1=" " ind2=" " tag="533">
		<subfield code="a">Electronic reproduction.</subfield>
		<subfield code="b">New York, N.Y. :</subfield>
		<subfield code="c">New York University,</subfield>
		<subfield code="d">2020.</subfield>
		<subfield code="5">NNU</subfield>
	</datafield>
	<datafield ind1=" " ind2="0" tag="650">
		<subfield code="a">Arabic poetry.</subfield>
	</datafield>
	<datafield ind1=" " ind2="7" tag="650">
		<subfield code="a">Arabic poetry.</subfield>
		<subfield code="2">fast</subfield>
		<subfield code="0">(OCoLC)fst00812533</subfield>
	</datafield>
	<datafield ind1="1" ind2=" " tag="700">
		<subfield code="6">880-08</subfield>
		<subfield code="a">Mardam, Khalīl,</subfield>
		<subfield code="d">1895-1959.</subfield>
	</datafield>
	<datafield ind1="2" ind2=" " tag="710">
		<subfield code="a">American University in Cairo.</subfield>
		<subfield code="b">Library.</subfield>
	</datafield>
	<datafield ind1="0" ind2=" " tag="730">
		<subfield code="a">Arabic Collections Online.</subfield>
	</datafield>
	<datafield ind1="0" ind2="8" tag="776">
		<subfield code="i">Print version:</subfield>
		<subfield code="a">Ibn ʻUnayn, Muḥammad ibn Naṣr Allāh, 1154-1233.</subfield>
		<subfield code="t">Dīwan Ibn ʻUnayn Sharaf al-Dīn Abī al-Maḥāsin Muhammad ibn Naṣr al-mashhūr bi-Ibn ʻUnayn al-Anṣārī al-Dimashqī</subfield>
		<subfield code="w">(UaCaAUL)b12662124</subfield>
		<subfield code="w">(OCoLC)60506604</subfield>
	</datafield>
	<datafield ind1=" " ind2="0" tag="830">
		<subfield code="6">880-09</subfield>
		<subfield code="a">Maṭbūʻāt al-Majmaʻ al-ʻIlmī al-ʻArabī bi-Dimashq.</subfield>
	</datafield>
	<datafield ind1="4" ind2="0" tag="856">
		<subfield code="u">http://hdl.handle.net/2333.1/fxpnw6th</subfield>
	</datafield>
	<datafield ind1="1" ind2=" " tag="880">
		<subfield code="6">100-01</subfield>
		<subfield code="a">ابن عنين، محمد بن نصر الله،</subfield>
		<subfield code="d">1233-1154.</subfield>
	</datafield>
	<datafield ind1="1" ind2="0" tag="880">
		<subfield code="6">240-02</subfield>
		<subfield code="a">أشعار</subfield>
	</datafield>
	<datafield ind1="1" ind2="0" tag="880">
		<subfield code="6">245-03</subfield>
		<subfield code="a">ديوان ابن عنين شرف الدين أبي المحاسن محمد بن نصر المشهور بابن عنين الأنصاري الدمشقي /</subfield>
		<subfield code="c">عني بنشره وتحقيقه خليل مردم بك.</subfield>
	</datafield>
	<datafield ind1=" " ind2="1" tag="880">
		<subfield code="6">264-04</subfield>
		<subfield code="a">دمشق :</subfield>
		<subfield code="b">المجمع العلمي العربي بدمشق،</subfield>
		<subfield code="c">1365، 1946.</subfield>
	</datafield>
	<datafield ind1=" " ind2="3" tag="880">
		<subfield code="6">264-05</subfield>
		<subfield code="a">دمشق :</subfield>
		<subfield code="b">مطبعة دمشق،</subfield>
		<subfield code="c">1365، 1946.</subfield>
	</datafield>
	<datafield ind1="1" ind2=" " tag="880">
		<subfield code="6">490-06</subfield>
		<subfield code="a">مطبوعات المجمع العلمي العربي بدمشق</subfield>
	</datafield>
	<datafield ind1=" " ind2=" " tag="880">
		<subfield code="6">500-07</subfield>
		<subfield code="a">حقوق الطبع محفوظة للمجمع العلمي العربي.</subfield>
	</datafield>
	<datafield ind1="1" ind2=" " tag="880">
		<subfield code="6">700-08</subfield>
		<subfield code="a">مردم، خليل،</subfield>
		<subfield code="d">1959-1895?</subfield>
	</datafield>
	<datafield ind1=" " ind2="0" tag="880">
		<subfield code="6">830-09</subfield>
		<subfield code="a">مطبوعات المجمع العلمي العربي بدمشق.</subfield>
	</datafield>
	<datafield ind1=" " ind2=" " tag="959">
		<subfield code="a">NNU</subfield>
		<subfield code="b">WEB</subfield>
		<subfield code="c">GENI</subfield>
		<subfield code="t">0</subfield>
		<subfield code="m">Electronic access</subfield>
		<subfield code="s">01</subfield>
	</datafield>
	<datafield ind1=" " ind2=" " tag="999">
		<subfield code="i">UaCaAUL_b12662124</subfield>
		<subfield code="o">(OCoLC)ocm60506604</subfield>
		<subfield code="s">auc_aco001143:</subfield>
		<subfield code="e">(ERROR-880)(ERROR-SERIES)</subfield>
		<subfield code="s">auc_aco001143:</subfield>
	</datafield>
</record>
